article {
	key,

	author = "",
	title = "",
	journal = "",
	year = "",

	volume = "",
	number = "",
	pages = "",
	month = "",
	note = "",
	key = "",
}

@article {
	bleiweiss09,

	author = "Avi Bleiweiss",
	title = "{M}ulti {A}gent {N}avigation on the {GPU}",
	journal = "GPU Technology Conference",
	year = "2009",

	volume = "",
	number = "",
	pages = "",
	month = "",
	note = "\url{http://developer.download.nvidia.com/presentations/2009/GDC/MultiAgentGPU.pdf}",
	key = "",
}