inproceedings {
	key,
	author = "",
	title = "",
	booktitle = "",
	year = "",
	isbn = "",
	location = "",
	pages = "",
	numpages = "",
	url = "",
	acmid = "",
	publisher = "",
	address = "",
} 

@inproceedings{
	bleiweiss08,
	author = {Bleiweiss, Avi},
	title = {GPU accelerated pathfinding},
	booktitle = {Proceedings of the 23rd ACM SIGGRAPH/EUROGRAPHICS symposium on Graphics hardware},
	series = {GH '08},
	year = {2008},
	isbn = {978-3-905674-09-5},
	location = {Sarajevo, Bosnia and Herzegovina},
	pages = {65--74},
	numpages = {10},
	url = {http://dl.acm.org/citation.cfm?id=1413957.1413968},
	acmid = {1413968},
	publisher = {Eurographics Association},
	address = {Aire-la-Ville, Switzerland, Switzerland},
}

@inproceedings{
	inam10,
	author = {Rafia Inam and Daniel Cederman and Philippas Tsigas},
	title = {A* Algorithm for Graphics Processors},
	booktitle = {THIRD SWEDISH WORKSHOP ON MULTI-CORE COMPUTING - MCC'10},
	month = {November},
	year = {2010},
	url = {http://www.mrtc.mdh.se/index.php?choice=publications&id=2362},
}