misc {
	key
	author = "",
	title = "",
	howpublished = "",
	month = "",
	year = "",
	note = ""
}

@misc {
	johansson09,
	author = "Anja Johansson",
	title = "Pathfinding on a GPU",
	howpublished = "Graduate course in CUDA programming at ISY, Dept of Electrical Engineering, at Link√∂ping University",
	month = "January",
	year = "2009",
	note = "\url{http://computer-graphics.se/cuda-kurs/pres/AnjaJ_CUDAPresentation.pdf}"
}